<?xml version="1.0" encoding="UTF-8"?><collection xmlns="http://www.loc.gov/MARC21/slim"><record><leader>00313nam--2200121-i-4500</leader><controlfield tag="001">000021774</controlfield><controlfield tag="002">20161230</controlfield><controlfield tag="005">20161230201034</controlfield><controlfield tag="008">060222s1000------------r-----000-0-eng-d</controlfield><datafield ind1=" " ind2=" " tag="080"><subfield code="a">338.04</subfield></datafield><datafield ind1=" " ind2=" " tag="245"><subfield code="a">Indicatorul standardelor de stat 1978. situatia la 31.12.1977</subfield></datafield><datafield ind1=" " ind2=" " tag="260"><subfield code="a">Bucuresti, Ed.Tehnica, 1978</subfield></datafield><datafield ind1=" " ind2=" " tag="852"><subfield code="a">77</subfield></datafield></record></collection>